@INPROCEEDINGS{Fridenfalk,
	author={M. Fridenfalk},
	booktitle={2015 IEEE Games Entertainment Media Conference (GEM)},
	title={Algorithmic music composition for computer games based on L-system},
	year={2015},
	volume={},
	number={},
	pages={1-6},
	keywords={computer games;interactive systems;music;L-system music composition;algorithmic music composition;computer games;data compression;interactive music;optimal method;tree structure generation;Computers;Games;Graphics;Production;Real-time systems;Standards;Three-dimensional displays;L-system;algorithmic;computer game;interactive music;music composition;real-time},
	doi={10.1109/GEM.2015.7377230},
	ISSN={},
	month={Oct}
}

@book{Prusinkiewicz,
	author = {Prusinkiewicz, P. and Lindenmayer, Aristid},
	title = {The Algorithmic Beauty of Plants},
	year = {1990},
	isbn = {0-387-97297-8},
	publisher = {Springer-Verlag New York, Inc.},
	address = {New York, NY, USA},
} 

@book{Abelson,
	title={Turtle geometry: The computer as a medium for exploring mathematics},
	author={Abelson, Harold and DiSessa, Andrea A},
	year={1986},
	publisher={MIT press}
}

@article{etchebeheresystems,
	title={L-Systems and Procedural Generation of Virtual Game Maze Sceneries},
	author={Etchebehere, Gustavo Santarsiere and Eliseo, Maria Amelia}
}

@inproceedings{fridenfalk2015application,
	title={Application for real-time generation of virtual 3D worlds based on L-system},
	author={Fridenfalk, Mikael},
	booktitle={Cyberworlds (CW), 2015 International Conference on},
	pages={73--78},
	year={2015},
	organization={IEEE}
}

@article{santos1desenvolvimento,
	title={DESENVOLVIMENTO DE UMA FERRAMENTA PARA GERA{\c{C}}{\~A}O DE FRACTAIS DEFINIDOS POR L-SISTEMAS},
	author={Santos$^1$, Wellington S{\'e}rgio Martiniano and do Lago Pereira, Silvio}
}

@misc{natureCode,
	author = {Daniel Shiffman},
	title = {Nature of Code, Chapter 8. Fractals},
	howpublished = "\url{http://natureofcode.com/book/chapter-8-fractals/}", 
	note = "[Online; Acessado em 18/03/2018]"
}

@inproceedings{togelius2013procedural,
	title={Procedural content generation: Goals, challenges and actionable steps},
	author={Togelius, Julian and Champandard, Alex J and Lanzi, Pier Luca and Mateas, Michael and Paiva, Ana and Preuss, Mike and Stanley, Kenneth O},
	booktitle={Dagstuhl Follow-Ups},
	volume={6},
	year={2013},
	organization={Schloss Dagstuhl-Leibniz-Zentrum fuer Informatik}
}